<?xml version="1.0" encoding="UTF-8"?>
<collection xmlns:xsi="http://www.w3.org/2001/XMLSchema-instance" xsi:schemaLocation="http://www.loc.gov/MARC21/slim http://www.loc.gov/standards/marcxml/schema/MARC21slim.xsd" xmlns="http://www.loc.gov/MARC21/slim">
<record>
  <leader>00584nam a22002051  4500</leader>
  <controlfield tag="001">3058865</controlfield>
  <controlfield tag="003">NNC</controlfield>
  <controlfield tag="005">20030429142358.0</controlfield>
  <controlfield tag="008">010804s1953    ua            000 0 ara d</controlfield>
  <datafield tag="035" ind1=" " ind2=" ">
    <subfield code="a">(OCoLC)ocm47716546</subfield>
  </datafield>
  <datafield tag="035" ind1=" " ind2=" ">
    <subfield code="9">ATM7472CU</subfield>
  </datafield>
  <datafield tag="040" ind1=" " ind2=" ">
    <subfield code="a">ZCU</subfield>
    <subfield code="c">ZCU</subfield>
  </datafield>
  <datafield tag="099" ind1=" " ind2=" ">
    <subfield code="a">893.795</subfield>
    <subfield code="a">T112</subfield>
  </datafield>
  <datafield tag="100" ind1="1" ind2=" ">
    <subfield code="a">Ṭabarī, Muḥibb al-Dīn Aḥmad ibn ʻAbd Allāh,</subfield>
    <subfield code="d">1218-1295.</subfield>
  </datafield>
  <datafield tag="245" ind1="1" ind2="3">
    <subfield code="a">al-Riyāḍ al-naḍirah fī manāqib al-ʻashara.</subfield>
  </datafield>
  <datafield tag="260" ind1=" " ind2=" ">
    <subfield code="a">Miṣr,</subfield>
    <subfield code="b">Maṭb. Dār al-Taʾlīf,</subfield>
    <subfield code="c">1953.</subfield>
  </datafield>
  <datafield tag="300" ind1=" " ind2=" ">
    <subfield code="a">2 v.</subfield>
  </datafield>
  <datafield tag="500" ind1=" " ind2=" ">
    <subfield code="a">2d. ed.</subfield>
  </datafield>
  <datafield tag="650" ind1=" " ind2="0">
    <subfield code="a">Islam</subfield>
    <subfield code="x">Traditions.</subfield>
  </datafield>
  <datafield tag="955" ind1=" " ind2=" ">
    <subfield code="b">0026816547</subfield>
    <subfield code="d">glx</subfield>
    <subfield code="e">893.795 T112</subfield>
    <subfield code="v">v.1-2</subfield>
  </datafield>
</record>
</collection>